<?xml version="1.0" encoding="UTF-8"?><record xmlns="http://www.loc.gov/MARC21/slim" xmlns:cinclude="http://apache.org/cocoon/include/1.0" xmlns:zs="http://www.loc.gov/zing/srw/">
  <leader>00437nz  a2200133n  4500</leader>
  <controlfield tag="001">nr 89009673 </controlfield>
  <controlfield tag="003">DLC</controlfield>
  <controlfield tag="005">19890802055232.9</controlfield>
  <controlfield tag="008">890731n| acannaab|          |n aaa     c</controlfield>
  <datafield tag="010" ind1=" " ind2=" ">
    <subfield code="a">nr 89009673 </subfield>
  </datafield>
  <datafield tag="040" ind1=" " ind2=" ">
    <subfield code="a">NjP</subfield>
    <subfield code="c">NjP</subfield>
  </datafield>
  <datafield tag="100" ind1="1" ind2="0">
    <subfield code="a">Rogers, Lynne,</subfield>
    <subfield code="d">1955-</subfield>
  </datafield>
  <datafield tag="670" ind1=" " ind2=" ">
    <subfield code="a">Her Stravinsky's alternative approach to counterpoint, 1989:</subfield>
    <subfield code="b">t.p. (Lynne Rogers)</subfield>
  </datafield>
  <datafield tag="670" ind1=" " ind2=" ">
    <subfield code="a">Info. from Princeton Univ. Dept. of Music, 7-28-89</subfield>
    <subfield code="b">(Lynne Rogers, b. 10-28-1955)</subfield>
  </datafield>
</record>